02RETORNO01COBRANCA       00000000000004036166CANUT & OLIVEIRA LIMA ADVOGADO237BRADESCO       1409120160000001446                                                                                                                                                                                                                                                                          170912         000001
1020537845400011400000060047100653802                         000000001113402405190000000000000000000000000606140912          00000000111340240519000000000000007047103304447  000000000000000000000000000000000000000000000000000000000000000000000000000000000000007047100000000000000000000000000   170912             00000000000000                                                                  000002
1020537845400011400000060047100653802                         000000001120862600390000000000000000000000000606140912          00000000112086260039000000000000001458623700955  000000000000000000000000000000000000000000000000000000000000000000000000000000000000001458600000000000000000000000000   170912             00000000000000                                                                  000003
1020537845400011400000060047100653802                         000000001121882734020000000000000000000000000606140912          00000000112188273402000000000000003484723702489  000000000000000000000000000000000000000000000000000000000000000000000000000000000000003484700000000000000000000000000   170912             00000000000000                                                                  000004
1020537845400011400000060047100653802                         000000001121882735850000000000000000000000000606140912          00000000112188273585000000000000003037010400228  000000000000000000000000000000000000000000000000000000000000000000000000000000000000003037000000000000000000000000000   170912             00000000000000                                                                  000005
1020537845400011400000060047100653802                         000000001121932744410000000000000000000000000606140912          00000000112193274441000000000000001253723702780  000000000000000000000000000000000000000000000000000000000000000000000000000000000000001253700000000000000000000000000   170912             00000000000000                                                                  000006
1020537845400011400000060047100653802                         000000001122072765310000000000000000000000000606140912          00000000112207276531000000000000000537010403241  000000000000000000000000000000000000000000000000000000000000000000000000000000000000000537000000000000000000000000000   170912             00000000000000                                                                  000007
1020537845400011400000060047100653802                         000000001122492827010000000000000000000000000606140912          00000000112249282701000000000000002739934107255  000000000000000000000000000000000000000000000000000000000000000000000000000000000000002739900000000000000000000000000   170912             00000000000000                                                                  000008
1020537845400011400000060047100653802                         000000001122542839290000000000000000000000000606140912          00000000112254283929000000000000002038410404162  000000000000000000000000000000000000000000000000000000000000000000000000000000000000002038400000000000000000000000000   170912             00000000000000                                                                  000009
1020537845400011400000060047100653802                         000000001121092631890000000000000000000000000616140912          00000000112109263189000000000000002126323700472  000000000000000000000000000000000000000000000000000000000000000000000000000000000000000000000000000000000000000000000   000000             00000000000000                                                                  000010
9201237          000000080000000021596400001446          00000000000000000000000215964000080000002159640000000000000000000000000000000000000000000000000000000000000000000000000000000000000                                                                                                                                                                              00000000000000000000000         000011
