02RETORNO01COBRANCA       00000000000004036166CANUT & OLIVEIRA LIMA ADVOGADO237BRADESCO       1809120160000001448                                                                                                                                                                                                                                                                          190912         000001
1020537845400011400000060047100653802                         0000000011202725002P0000000000000000000000000606180912          0000000011202725002P000000000000001438923706629  000000000000000000000000000000000000000000000000000000000000000000000000000000000000001438900000000000000000000000000   190912             00000000000000                                                                  000002
1020537845400011400000060047100653802                         000000001120762590830000000000000000000000000606180912          00000000112076259083000000000000009551534106281  000000000000000000000000000000000000000000000000000000000000000000000000000000000000009551500000000000000000000000000   190912             00000000000000                                                                  000003
1020537845400011400000060047100653802                         000000001120792593000000000000000000000000000606180912          00000000112079259300000000000000003037010403111  000000000000000000000000000000000000000000000000000000000000000000000000000000000000003037000000000000000000000000000   190912             00000000000000                                                                  000004
1020537845400011400000060047100653802                         0000000011221327740P0000000000000000000000000606180912          0000000011221327740P000000000000000815210400205  000000000000000000000000000000000000000000000000000000000000000000000000000000000000000815200000000000000000000000000   190912             00000000000000                                                                  000005
1020537845400011400000060047100653802                         000000001122552842280000000000000000000000000606180912          00000000112255284228000000000000002037034109161  000000000000000000000000000000000000000000000000000000000000000000000000000000000000002037000000000000000000000000000   190912             00000000000000                                                                  000006
9201237          000000050000000016879600001448          00000000000000000000000168796000050000001687960000000000000000000000000000000000000000000000000000000000000000000000000000000000000                                                                                                                                                                              00000000000000000000000         000007
