02RETORNO01COBRANCA       00000000000004036166CANUT & OLIVEIRA LIMA ADVOGADO237BRADESCO       1909120160000001449                                                                                                                                                                                                                                                                          200912         000001
1020537845400011400000060047100653802                         000000001113212379300000000000000000000000000606190912          00000000111321237930000000000000051187423701991  000000000000000000000000000000000000000000000000000000000000000000000000000000000000051187400000000000000000000000000   200912             00000000000000                                                                  000002
1020537845400011400000060047100653802                         000000001113392402540000000000000000000000000606190912          00000000111339240254000000000000003104623702538  000000000000000000000000000000000000000000000000000000000000000000000000000000000000003104600000000000000000000000000   200912             00001500000000                                                                  000003
1020537845400011400000060047100653802                         000000001121092631890000000000000000000000000606140912          00000000112109263189000000000000002126323700472  000000000000000000000000000000000000000000000000000000000000000000000000000000000000002126300000000000000000000000000   200912             00001500000000                                                                  000004
1020537845400011400000060047100653802                         000000001122262790530000000000000000000000000606190912          00000000112226279053000000000000003568034100301  000000000000000000000000000000000000000000000000000000000000000000000000000000000000003568000000000000000000000000000   200912             00000000000000                                                                  000005
1020537845400011400000060047100653802                         000000001122262791180000000000000000000000000606190912          00000000112226279118000000000000004088134100301  000000000000000000000000000000000000000000000000000000000000000000000000000000000000004088100000000000000000000000000   200912             00000000000000                                                                  000006
1020537845400011400000060047100653802                         000000001122262791770000000000000000000000000606190912          00000000112226279177000000000000001472234100301  000000000000000000000000000000000000000000000000000000000000000000000000000000000000001472200000000000000000000000000   200912             00000000000000                                                                  000007
1020537845400011400000060047100653802                         000000001122402807650000000000000000000000000606190912          00000000112240280765000000000000004460523702789  000000000000000000000000000000000000000000000000000000000000000000000000000000000000004460500000000000000000000000000   200912             00000000000000                                                                  000008
1020537845400011400000060047100653802                         000000001122552842950000000000000000000000000606190912          00000000112255284295000000000000002037023706553  000000000000000000000000000000000000000000000000000000000000000000000000000000000000002037000000000000000000000000000   200912             00000000000000                                                                  000009
1020537845400011400000060047100653802                         000000001122562847950000000000000000000000000606190912          00000000112256284795000000000000000537023706518  000000000000000000000000000000000000000000000000000000000000000000000000000000000000000537000000000000000000000000000   200912             00000000000000                                                                  000010
1020537845400011400000060047100653802                         000000001122622858840000000000000000000000000606190912          00000000112262285884000000000000065835403303370  000000000000000000000000000000000000000000000000000000000000000000000000000000000000065835400000000000000000000000000   200912             00000000000000                                                                  000011
9201237          000000100000000138416500001449          00000000000000000000001384165000100000013841650000000000000000000000000000000000000000000000000000000000000000000000000000000000000                                                                                                                                                                              00000000000000000000000         000012
