01REMESSA01COBRANCA       00000000000004036166CANUT & OLIVEIRA LIMA ADV ASSO237BRADESCO       120314        MX9010236           229D                                                                                                                                                                                                                                                                      000001
1000000000000000000000060047100653802000777         I2068472010000000011407136923100000000002S           0  01I20684720110041400000000985540000000099N120314000000000000000000000000000000000000000000000000000000000000000100004242257783ANA AMELIA AMARAL DE MAGALHAES LEITE    EST. DO PAU FERRO, 1078/301                         22745056                                                            000002
1000000000000000000000060047100653802000777         I2068472020000000011407136924P00000000002S           0  01I20684720210051400000000985540000000099N120314000000000000000000000000000000000000000000000000000000000000000100004242257783ANA AMELIA AMARAL DE MAGALHAES LEITE    EST. DO PAU FERRO, 1078/301                         22745056                                                            000003
1000000000000000000000060047100653802000777         I2068472030000000011407136925800000000002S           0  01I20684720310061400000000985540000000099N120314000000000000000000000000000000000000000000000000000000000000000100004242257783ANA AMELIA AMARAL DE MAGALHAES LEITE    EST. DO PAU FERRO, 1078/301                         22745056                                                            000004
1000000000000000000000060047100653802000777         I2068472040000000011407136926600000000002S           0  01I20684720410071400000000985540000000099N120314000000000000000000000000000000000000000000000000000000000000000100004242257783ANA AMELIA AMARAL DE MAGALHAES LEITE    EST. DO PAU FERRO, 1078/301                         22745056                                                            000005
1000000000000000000000060047100653802000777         I2068472050000000011407136927400000000002S           0  01I20684720510081400000000985540000000099N120314000000000000000000000000000000000000000000000000000000000000000100004242257783ANA AMELIA AMARAL DE MAGALHAES LEITE    EST. DO PAU FERRO, 1078/301                         22745056                                                            000006
9                                                                                                                                                                                                                                                                                                                                                                                                         000007
