01REMESSA01COBRANCA       00000000000004036166CANUT & OLIVEIRA LIMA ADV ASSO237BRADESCO       120314        MX9010232           229D                                                                                                                                                                                                                                                                      000001
100000000000000000000006004710065380212003          I9920684600000000011407136911800000000002S           0  01I99206846013031400000000500430000000099N120314000000000000000000000000000000000000000000000000000000000000000100002615701703ALINE CEREJO DE OLIVEIRA                RUA BABACU, 287/103                                 21931230                                                            000002
9                                                                                                                                                                                                                                                                                                                                                                                                         000003
