01REMESSA01COBRANCA       00000000000004036166CANUT & OLIVEIRA LIMA ADV ASSO237BRADESCO       120314        MX9010238           229D                                                                                                                                                                                                                                                                      000001
10000000000000000000000600471006538023613152        I2068477010000000011407136928200000000002S           0  01I20684770120031400000000608870000000099N120314000000000000000000000000000000000000000000000000000000000000000100090827600704ROGERIA CLAUDIA DOS SANTOS OLIVEIRA     AV, TREZE DE MAIO, 13, SL 503                       20031901                                                            000002
10000000000000000000000600471006538023613152        I2068477020000000011407136929000000000002S           0  01I20684770220041400000000608870000000099N120314000000000000000000000000000000000000000000000000000000000000000100090827600704ROGERIA CLAUDIA DOS SANTOS OLIVEIRA     AV, TREZE DE MAIO, 13, SL 503                       20031901                                                            000003
10000000000000000000000600471006538023613152        I2068477030000000011407136930400000000002S           0  01I20684770320051400000000608870000000099N120314000000000000000000000000000000000000000000000000000000000000000100090827600704ROGERIA CLAUDIA DOS SANTOS OLIVEIRA     AV, TREZE DE MAIO, 13, SL 503                       20031901                                                            000004
10000000000000000000000600471006538023613152        I2068477040000000011407136931200000000002S           0  01I20684770420061400000000608870000000099N120314000000000000000000000000000000000000000000000000000000000000000100090827600704ROGERIA CLAUDIA DOS SANTOS OLIVEIRA     AV, TREZE DE MAIO, 13, SL 503                       20031901                                                            000005
10000000000000000000000600471006538023613152        I2068477050000000011407136932000000000002S           0  01I20684770520071400000000608870000000099N120314000000000000000000000000000000000000000000000000000000000000000100090827600704ROGERIA CLAUDIA DOS SANTOS OLIVEIRA     AV, TREZE DE MAIO, 13, SL 503                       20031901                                                            000006
10000000000000000000000600471006538023613152        I2068477060000000011407136933900000000002S           0  01I20684770620081400000000608870000000099N120314000000000000000000000000000000000000000000000000000000000000000100090827600704ROGERIA CLAUDIA DOS SANTOS OLIVEIRA     AV, TREZE DE MAIO, 13, SL 503                       20031901                                                            000007
9                                                                                                                                                                                                                                                                                                                                                                                                         000008
