01REMESSA01COBRANCA       00000000000004036166CANUT & OLIVEIRA LIMA ADV ASSO237BRADESCO       120314        MX9010234           229D                                                                                                                                                                                                                                                                      000001
1000000000000000000000060047100653802120010         I2068461010000000011407136912600000000002S           0  01I20684610115041400000000237820000000099N120314000000000000000000000000000000000000000000000000000000000000000100005344047746CARLOS ALBERTO SOARES DA SILVA          CAMINHO SANTO ANTONIO DA BICA 320                   23020390                                                            000002
1000000000000000000000060047100653802120010         I2068461020000000011407136913400000000002S           0  01I20684610215051400000000237820000000099N120314000000000000000000000000000000000000000000000000000000000000000100005344047746CARLOS ALBERTO SOARES DA SILVA          CAMINHO SANTO ANTONIO DA BICA 320                   23020390                                                            000003
1000000000000000000000060047100653802120010         I2068461030000000011407136914200000000002S           0  01I20684610315061400000000237820000000099N120314000000000000000000000000000000000000000000000000000000000000000100005344047746CARLOS ALBERTO SOARES DA SILVA          CAMINHO SANTO ANTONIO DA BICA 320                   23020390                                                            000004
1000000000000000000000060047100653802120010         I2068461040000000011407136915000000000002S           0  01I20684610415071400000000237820000000099N120314000000000000000000000000000000000000000000000000000000000000000100005344047746CARLOS ALBERTO SOARES DA SILVA          CAMINHO SANTO ANTONIO DA BICA 320                   23020390                                                            000005
1000000000000000000000060047100653802120010         I2068461050000000011407136916900000000002S           0  01I20684610515081400000000237820000000099N120314000000000000000000000000000000000000000000000000000000000000000100005344047746CARLOS ALBERTO SOARES DA SILVA          CAMINHO SANTO ANTONIO DA BICA 320                   23020390                                                            000006
1000000000000000000000060047100653802120010         I2068461060000000011407136917700000000002S           0  01I20684610615091400000000237820000000099N120314000000000000000000000000000000000000000000000000000000000000000100005344047746CARLOS ALBERTO SOARES DA SILVA          CAMINHO SANTO ANTONIO DA BICA 320                   23020390                                                            000007
1000000000000000000000060047100653802120010         I2068461070000000011407136918500000000002S           0  01I20684610715101400000000237820000000099N120314000000000000000000000000000000000000000000000000000000000000000100005344047746CARLOS ALBERTO SOARES DA SILVA          CAMINHO SANTO ANTONIO DA BICA 320                   23020390                                                            000008
1000000000000000000000060047100653802120010         I2068461080000000011407136919300000000002S           0  01I20684610815111400000000237820000000099N120314000000000000000000000000000000000000000000000000000000000000000100005344047746CARLOS ALBERTO SOARES DA SILVA          CAMINHO SANTO ANTONIO DA BICA 320                   23020390                                                            000009
1000000000000000000000060047100653802120010         I2068461090000000011407136920700000000002S           0  01I20684610915121400000000237820000000099N120314000000000000000000000000000000000000000000000000000000000000000100005344047746CARLOS ALBERTO SOARES DA SILVA          CAMINHO SANTO ANTONIO DA BICA 320                   23020390                                                            000010
1000000000000000000000060047100653802120010         I2068461100000000011407136921500000000002S           0  01I20684611015011500000000237820000000099N120314000000000000000000000000000000000000000000000000000000000000000100005344047746CARLOS ALBERTO SOARES DA SILVA          CAMINHO SANTO ANTONIO DA BICA 320                   23020390                                                            000011
1000000000000000000000060047100653802120010         I2068461110000000011407136922300000000002S           0  01I20684611115021500000000237820000000099N120314000000000000000000000000000000000000000000000000000000000000000100005344047746CARLOS ALBERTO SOARES DA SILVA          CAMINHO SANTO ANTONIO DA BICA 320                   23020390                                                            000012
9                                                                                                                                                                                                                                                                                                                                                                                                         000013
