01REMESSA01COBRANCA       00000000000004036166CANUT & OLIVEIRA LIMA ADV ASSO237BRADESCO       170912        MX9007147           229D                                                                                                                                                                                                                                                                      000001
10000000000000000000000600471006538026890           I2060080030002020011226128576700000000002S           0  01I20600800310121200000000206060000000099N170912000000000000000000000000000000000000000000000000000000000000000100046564624700MARIA ANGELICA REIS                     RUA RIACHUELO,330/ 1001                             20230013                                                            000002
10000000000000000000000600471006538026890           I2060080020002020011226128575900000000002S           0  01I20600800210111200000000206060000000099N170912000000000000000000000000000000000000000000000000000000000000000100046564624700MARIA ANGELICA REIS                     RUA RIACHUELO,330/ 1001                             20230013                                                            000003
10000000000000000000000600471006538026890           I2060080010002020011226128574000000000002S           0  01I20600800110101200000000206060000000099N170912000000000000000000000000000000000000000000000000000000000000000100046564624700MARIA ANGELICA REIS                     RUA RIACHUELO,330/ 1001                             20230013                                                            000004
10000000000000000000000600471006538026890           I2060080060002020011226128579100000000002S           0  01I20600800610031300000000206060000000099N170912000000000000000000000000000000000000000000000000000000000000000100046564624700MARIA ANGELICA REIS                     RUA RIACHUELO,330/ 1001                             20230013                                                            000005
10000000000000000000000600471006538026890           I2060080050002020011226128578300000000002S           0  01I20600800510021300000000206060000000099N170912000000000000000000000000000000000000000000000000000000000000000100046564624700MARIA ANGELICA REIS                     RUA RIACHUELO,330/ 1001                             20230013                                                            000006
10000000000000000000000600471006538026890           I2060080040002020011226128577500000000002S           0  01I20600800410011300000000206060000000099N170912000000000000000000000000000000000000000000000000000000000000000100046564624700MARIA ANGELICA REIS                     RUA RIACHUELO,330/ 1001                             20230013                                                            000007
9                                                                                                                                                                                                                                                                                                                                                                                                         000008
