01REMESSA01COBRANCA       00000000000004036166CANUT & OLIVEIRA LIMA ADV ASSO237BRADESCO       180912        MX9007149           229D                                                                                                                                                                                                                                                                      000001
100000000000000000000006004710065380202103          I2060086060002020011226228585P00000000002S           0  01I20600860615031300000000053700000000099N180912000000000000000000000000000000000000000000000000000000000000000100000321992792SELMA OLIVEIRA NERY                     RUA DOS RUBIS 477/101                               21510012                                                            000002
100000000000000000000006004710065380202103          I2060086010002020011226228580900000000002S           0  01I20600860115101200000000053700000000099N180912000000000000000000000000000000000000000000000000000000000000000100000321992792SELMA OLIVEIRA NERY                     RUA DOS RUBIS 477/101                               21510012                                                            000003
100000000000000000000006004710065380202103          I2060086020002020011226228581700000000002S           0  01I20600860215111200000000053700000000099N180912000000000000000000000000000000000000000000000000000000000000000100000321992792SELMA OLIVEIRA NERY                     RUA DOS RUBIS 477/101                               21510012                                                            000004
100000000000000000000006004710065380202103          I2060086030002020011226228582500000000002S           0  01I20600860315121200000000053700000000099N180912000000000000000000000000000000000000000000000000000000000000000100000321992792SELMA OLIVEIRA NERY                     RUA DOS RUBIS 477/101                               21510012                                                            000005
100000000000000000000006004710065380202103          I2060086040002020011226228583300000000002S           0  01I20600860415011300000000053700000000099N180912000000000000000000000000000000000000000000000000000000000000000100000321992792SELMA OLIVEIRA NERY                     RUA DOS RUBIS 477/101                               21510012                                                            000006
100000000000000000000006004710065380202103          I2060086050002020011226228584100000000002S           0  01I20600860515021300000000053700000000099N180912000000000000000000000000000000000000000000000000000000000000000100000321992792SELMA OLIVEIRA NERY                     RUA DOS RUBIS 477/101                               21510012                                                            000007
9                                                                                                                                                                                                                                                                                                                                                                                                         000008
