01REMESSA01COBRANCA       00000000000004036166CANUT & OLIVEIRA LIMA ADV ASSO237BRADESCO       190912        MX9007151           229D                                                                                                                                                                                                                                                                      000001
10000000000000000000000600471006538024232           I2060101060002020011226328600000000000002S           0  01I20601010610041300000000103700000000099N199/2 000000000000000000000000000000000000000000000000000000000000000100074834312704CHRISTINA GUERREIRO RANGEL              RUA BOM PASTOR, 398/102                             20511060                                                            000002
10000000000000000000000600471006538024232           I2060101010002020011226328595000000000002S           0  01I20601010110111200000000103700000000099N199/2 000000000000000000000000000000000000000000000000000000000000000100074834312704CHRISTINA GUERREIRO RANGEL              RUA BOM PASTOR, 398/102                             20511060                                                            000003
10000000000000000000000600471006538024232           I2060101020002020011226328596900000000002S           0  01I20601010210121200000000103700000000099N199/2 000000000000000000000000000000000000000000000000000000000000000100074834312704CHRISTINA GUERREIRO RANGEL              RUA BOM PASTOR, 398/102                             20511060                                                            000004
10000000000000000000000600471006538024232           I2060101030002020011226328597700000000002S           0  01I20601010310011300000000103700000000099N199/2 000000000000000000000000000000000000000000000000000000000000000100074834312704CHRISTINA GUERREIRO RANGEL              RUA BOM PASTOR, 398/102                             20511060                                                            000005
10000000000000000000000600471006538024232           I2060101040002020011226328598500000000002S           0  01I20601010410021300000000103700000000099N199/2 000000000000000000000000000000000000000000000000000000000000000100074834312704CHRISTINA GUERREIRO RANGEL              RUA BOM PASTOR, 398/102                             20511060                                                            000006
10000000000000000000000600471006538024232           I2060101050002020011226328599300000000002S           0  01I20601010510031300000000103700000000099N199/2 000000000000000000000000000000000000000000000000000000000000000100074834312704CHRISTINA GUERREIRO RANGEL              RUA BOM PASTOR, 398/102                             20511060                                                            000007
9                                                                                                                                                                                                                                                                                                                                                                                                         000008
